@article{DBLP:journals/corr/abs-1301-3781,
  author    = {Tomas Mikolov and
               Kai Chen and
               Greg Corrado and
               Jeffrey Dean},
  title     = {Efficient Estimation of Word Representations in Vector Space},
  journal   = {CoRR},
  volume    = {abs/1301.3781},
  year      = {2013},
  url       = {http://arxiv.org/abs/1301.3781},
  archivePrefix = {arXiv},
  eprint    = {1301.3781},
  timestamp = {Wed, 07 Jun 2017 14:42:25 +0200},
  biburl    = {http://dblp.org/rec/bib/journals/corr/abs-1301-3781},
  bibsource = {dblp computer science bibliography, http://dblp.org}
}

@article{DBLP:journals/corr/AvrahamG17,
  author    = {Oded Avraham and
               Yoav Goldberg},
  title     = {The Interplay of Semantics and Morphology in Word Embeddings},
  journal   = {CoRR},
  volume    = {abs/1704.01938},
  year      = {2017},
  url       = {http://arxiv.org/abs/1704.01938},
  archivePrefix = {arXiv},
  eprint    = {1704.01938},
  timestamp = {Wed, 07 Jun 2017 14:41:31 +0200},
  biburl    = {http://dblp.org/rec/bib/journals/corr/AvrahamG17},
  bibsource = {dblp computer science bibliography, http://dblp.org}
}

@article{DBLP:journals/corr/AvrahamG17,
  author    = {Oded Avraham and
               Yoav Goldberg},
  title     = {The Interplay of Semantics and Morphology in Word Embeddings},
  journal   = {CoRR},
  volume    = {abs/1704.01938},
  year      = {2017},
  url       = {http://arxiv.org/abs/1704.01938},
  archivePrefix = {arXiv},
  eprint    = {1704.01938},
  timestamp = {Wed, 07 Jun 2017 14:41:31 +0200},
  biburl    = {http://dblp.org/rec/bib/journals/corr/AvrahamG17},
  bibsource = {dblp computer science bibliography, http://dblp.org}
}

@InProceedings{corenlp,
  author    = {Manning, Christopher D. and  Surdeanu, Mihai  and  Bauer, John  and  Finkel, Jenny  and  Bethard, Steven J. and  McClosky, David},
  title     = {The {Stanford} {CoreNLP} Natural Language Processing Toolkit},
  booktitle = {Association for Computational Linguistics (ACL) System Demonstrations},
  year      = {2014},
  pages     = {55--60},
  url       = {http://www.aclweb.org/anthology/P/P14/P14-5010}
}

@misc{tensorflow,
title={ {TensorFlow}: Large-Scale Machine Learning on Heterogeneous Systems},
url={https://www.tensorflow.org/},
note={Software available from tensorflow.org},
author={
    Mart\'{\i}n~Abadi and
    Ashish~Agarwal and
    Paul~Barham and
    Eugene~Brevdo and
    Zhifeng~Chen and
    Craig~Citro and
    Greg~S.~Corrado and
    Andy~Davis and
    Jeffrey~Dean and
    Matthieu~Devin and
    Sanjay~Ghemawat and
    Ian~Goodfellow and
    Andrew~Harp and
    Geoffrey~Irving and
    Michael~Isard and
    Yangqing Jia and
    Rafal~Jozefowicz and
    Lukasz~Kaiser and
    Manjunath~Kudlur and
    Josh~Levenberg and
    Dan~Man\'{e} and
    Rajat~Monga and
    Sherry~Moore and
    Derek~Murray and
    Chris~Olah and
    Mike~Schuster and
    Jonathon~Shlens and
    Benoit~Steiner and
    Ilya~Sutskever and
    Kunal~Talwar and
    Paul~Tucker and
    Vincent~Vanhoucke and
    Vijay~Vasudevan and
    Fernanda~Vi\'{e}gas and
    Oriol~Vinyals and
    Pete~Warden and
    Martin~Wattenberg and
    Martin~Wicke and
    Yuan~Yu and
    Xiaoqiang~Zheng},
  year={2015},
}


